@online{test,
  author       = {{Author Test}},
  title        = {Test},
  year         = 2025,
  url          = {www.utadeo.edu.co},
  note         = {test}
}

